@inproceedings{DBLP:conf/sc/Rubio-GonzalezNNDKSBIH13,
  author    = {Cindy Rubio-Gonz{\'a}lez and
               Cuong Nguyen and
               Hong Diep Nguyen and
               James Demmel and
               William Kahan and
               Koushik Sen and
               David H. Bailey and
               Costin Iancu and
               David Hough},
  title     = {Precimonious: tuning assistant for floating-point precision},
  booktitle = {SC},
  year      = {2013},
  pages     = {27},
  ee        = {http://doi.acm.org/10.1145/2503210.2503296},
  crossref  = {DBLP:conf/sc/2013},
  bibsource = {DBLP, http://dblp.uni-trier.de}
}

@proceedings{DBLP:conf/sc/2013,
  editor    = {William Gropp and
               Satoshi Matsuoka},
  title     = {International Conference for High Performance Computing,
               Networking, Storage and Analysis, SC'13, Denver, CO, USA
               - November 17 - 21, 2013},
  booktitle = {SC},
  publisher = {ACM},
  year      = {2013},
  isbn      = {978-1-4503-2378-9},
  ee        = {http://dl.acm.org/citation.cfm?id=2503210},
  bibsource = {DBLP, http://dblp.uni-trier.de}
}
 