
@misc{dataCSV,
	title = {jgoerzen/missingh},
	url = {https://github.com/jgoerzen/missingh},
	abstract = {missingh - Utility library [Haskell]},
	urldate = {2017-03-19},
	journal = {GitHub}
}